% Encoding: UTF-8

@Article{guEtal2017,
  author  = {Xin Gu, Herbert Hoijtink, Joris Mulder},
  title   = {Approximated adjusted fractional Bayes factors: A general method for testing informative hypotheses},
  journal = {British Journal of Mathematical and Statistical Psychology},
  year    = {2017},
  doi     = {10.1111/bmsp.12110},
}

@Article{guEtalTutorial,
  author = {Xin Gu, Joris Mulder, Herbert Hoijtink},
  title  = {Tutorial: Testing hypothesis using the Bayes factor},
  year   = {Unpublished},
  url    = {https://informative-hypotheses.sites.uu.nl/wp-content/uploads/sites/23/2017/10/Bain-0.1.0.zip},
}

@Book{wilcox2016,
  title     = {Introduction to Robust Estimation and Hypothesis Testing (4th edition)},
  publisher = {Academic Press, an imprint of Elsevier},
  year      = {2016},
  author    = {Wilcox, R. R.},
  address   = {Cambridge, MA},
  isbn      = {978-012-804733-0},
  date      = {2016-09-23},
  ean       = {9780128047330},
}

@Article{simstudies2006,
  author    = {Burton, Andrea and Altman, Douglas G. and Royston, Patrick and Holder, Roger L.},
  title     = {The design of simulation studies in medical statistics},
  journal   = {Statistics in Medicine},
  year      = {2006},
  volume    = {25},
  number    = {24},
  pages     = {4279--4292},
  issn      = {1097-0258},
  doi       = {10.1002/sim.2673},
  keywords  = {simulation study, design, protocol, bias, mean square error, coverage},
  publisher = {John Wiley \& Sons, Ltd.},
  url       = {http://dx.doi.org/10.1002/sim.2673},
}

@Book{huber1981,
  title     = {Robust Statistics},
  publisher = {John Wiley \& Sons, New York.},
  year      = {1981},
  author    = {Huber, Peter J.},
  booktitle = {Robust Statistics},
  keywords  = {robustness, variant analysis, estimation models, error models, robust statistics},
}

@Booklet{ruckstuhl2016,
  title        = {Robust Fitting of Parametric Models Based on M-Estimation},
  author       = {Andreas Ruckstuhl},
  howpublished = {IDP Institute of Data Analyisis and Process Design, ZHAW Zurich University of Applied Sciences in Winterthur},
  year         = {2016},
}

@Article{yohai1987,
  author    = {Victor J. Yohai},
  title     = {High Breakdown-Point and High Efficiency Robust Estimates for Regression},
  journal   = {The Annals of Statistics},
  year      = {1987},
  volume    = {15},
  number    = {2},
  pages     = {642-656},
  issn      = {00905364},
  doi       = {doi:10.1214/aos/1176350366},
  publisher = {Institute of Mathematical Statistics},
}

@Manual{robustpackage,
  title  = {Package "robust": Port of the S+ ``Robust Library''},
  author = {{Wang et al.}},
  year   = {2017},
}

@Manual{rsoftware,
  title        = {R: A Language and Environment for Statistical Computing},
  author       = {{R Core Team}},
  organization = {R Foundation for Statistical Computing},
  address      = {Vienna, Austria},
  year         = {2017},
  url          = {https://www.R-project.org/},
}

@Book{masslibrary,
  title     = {Modern Applied Statistics with S},
  publisher = {Springer},
  year      = {2002},
  author    = {Venables, W.N. and Ripley, B.D.},
  address   = {New York},
  edition   = {Fourth},
  note      = {ISBN 0-387-95457-0},
  url       = {http://www.stats.ox.ac.uk/pub/MASS4},
}

@Article{robustbase,
  author  = {Todorov, V. and Filzmoser P.},
  title   = {An Object-Oriented Framework for Robust Multivariate Analysis},
  journal = {Journal of Statistical Software},
  year    = {2009},
  volume  = {32},
  number  = {3},
  pages   = {1--47},
  doi     = {10.18637/jss.v032.i03},
  url     = {http://www.jstatsoft.org/v32/i03/},
}

@Comment{jabref-meta: databaseType:bibtex;}
